
                                        ---- Gwendal ----
@Article{kellylcrew,
  author = "Kelly L.Drew and C. Loren Buck and Brian B.Barnes and Sherri L. Christian and Brian T. Rasley and and Michael B. Harris",
  year = "2007",
  title = "Central nervous system regulation of mammalian hibernation: implications for metabolic suppression and ischemia tolerance",
  journal = "National Center for Biotechnology Information",
  volume = "PMC",
  pages = "3600610"
}

@Book{andrewchamberlain,
  author = "Andrew Chamberlain and Emily Davis and Derek Ford and David Gillieson and William Halliday and Elery Hamilton-Smith and Alexander Klimchouk and David Lowe and Art Palmer and Trevor Shaw and Boris Sket and Tony Waltham and Paul Williams and Paul Wood",
  year = "2004",
  title = "Encyclopedia of {C}aves and {K}arst {S}cience",
  publisher = "John, Gunn",
  address = "Taylor and Francis Group"
}

@Article{gao,
  author = "Gao, Zhizhong and Wynne and J. Judson and Zhang Feng",
  year = "2018",
  title = "Two new species of cave-adapted pseudoscorpions ({P}seudoscorpiones: N{e}obisiidae, {C}hthoniidae) from {G}uangxi, {C}hina",
  journal = "The Journal of Arachnology",
  volume = "46 no 2",
  pages = "345"
}

@Article{evabotkinkowacki,
  author = "Botkin-Kowacki Eva",
  year = "2017",
  title = "There's an alien world beneath our feet. {W}hat could it teach us about life?",
  journal = "The Christian Science Monitor (web site)",
  volume = "",
  pages = ""
}

@MISC{nationalparknevada,
author = {National Park Nevada U.S department of Interior},
title = {Cave life},
month = {february},
year = {2015},
url = {https://www.nps.gov/grba/learn/nature/cave-life.htm}
}

@MISC{roncadebra,
author = {Ronca Debra},
title = {How {C}ave {B}iology works},
month = {April},
year = {2009},
url = {https://science.howstuffworks.com/life/biology-fields/cave-biology.htm}
}

@MISC{fontrabiouse,
author = {Association Nationale des Exploitants de Cavernes Am\énag\ées pour le Tourisme},
title = {Grotte de {F}ontrabiouse},
month = {January},
year = {2009},
url = {http://www.grottes-en-france.com/en/grottes/fontrabiouse.html}
}

@MISC{biologydictionnary,
author = {Biology Dictionnary’ s editors},
title = {Chemoautotroph},
month = {January},
year = {2017},
url = {https://biologydictionary.net/chemoautotroph}
}

@MISC{cavelifeofbritain,
author = {Graham Proudlov and Lee Knight and  Chris Proctor},
title = {Cave {L}ife of {B}ritain},
month = {January},
year = {2007},
url = {http://www.cambriancavingcouncil.org.uk/cavelife/index.html}
}

@MISC{tomharris,
author = {Harris, Tom},
title = {How {B}ats {W}ork},
month = {June},
year = {2001},
url = {https://animals.howstuffworks.com/mammals/bat.htm}
}

@MISC{datalanguedoc,
author = {WorldData.info},
title = {Climate for {L}anguedoc-{R}ousillon ({F}rance)},
month = {January},
year = {2018},
url = {https://www.worlddata.info/europe/france/climate-languedoc-roussillon.php}
}

@MISC{troglobitesanimalsthatliveinacave,
author = {King, Hobart},
title = {Troglobites: {A}nimals that {L}ive in a {C}ave},
month = {January},
year = {2005},
url = {https://geology.com/stories/13/troglobites/}
}

@MISC{seriouslyfish,
author = {Seriously Fish},
title = {Astyanax maxicanus},
month = {January},
year = {2014},
url = {https://www.seriouslyfish.com/species/astyanax-mexicanus/}
}

@MISC{courssvt,
author = {Tourret, Remi},
title = {Mon cours de {SVT}},
month = {January},
year = {2014},
url = {http://svtpremiere.blogspot.com/2014/03/}
}

%Articles et Livres

@Article{anovelsymbiosisbetweenchemoautotrophicbacteriaandafreshwatercaveamphipod,
  author = "Dattagupta S1 and Schaperdoth I and Montanari A and Mariani S and Kita N and Valley JW and Macalady JL",
  year = "2009",
  title = "A novel symbiosis between chemoautotrophic bacteria and a freshwater cave amphipod",
  journal = "National Center for Biotechnology Information, Department of Geosciences",
  volume = "PMID",
  pages = "19360027"
}

@Article{nitricoxideisanobligatebacterialnitrificationintermediateproducedbyhydroxylamineoxidoreductase,
  author = "Jonathan D. Caranto and Kyle M. Lancaster",
  year = "2018",
  title = "Nitric oxide is an obligate bacterial nitrification intermediate produced by hydroxylamine oxidoreductase",
  journal = "Department of Chemistry and Chemical Biology, Cornell University, Ithaca, NY 14853",
  volume = "115",
  pages = "35"
}
@Book{fundamentalsofmicrobiology,
	ALTauthor = {Jeffrey C. Pommerville},
	ALTeditor = {Body system edition},
	title = {Fundamentals of {MICROBIOLOGY}},
	publisher = {Jones and Bartlett Publishers},
	year = {2014},
	volume = {1},
	pages = {960},
	address = "5 Wall Street"
}

@Book{cavenatureandculture,
	ALTauthor = {Crane, Ralph and Fletcher, Lisa},
	ALTeditor = {Allen, Daniel},
	title = {Cave {N}ature and {C}ulture},
	publisher = {Reaktion Books Ltd},
	year = {2015},
	volume = {1},
	pages = {224},
	address = "Unit 32, Waterside 44–48 Wharf Road London N1 7UX, UK "
}

@Article{orenaharon,
  author = "Oren, Aharon",
  year = "2009",
  title = "metabolic diversity in prokaryotes and eukaryotes",
  journal = "Encyclopedia of Life Support Systems (EOLSS)",
  volume = "2",
  pages = "9"
}

@Article{spidersincaves,
  author = "Mammola, Stefano and Isaia, Marco",
  year = "2017",
  title = "Spiders in caves",
  month = "march",
  journal = "Proc.R.Soc.B",
  volume = " 28446696",
  pages = "20"
}

%Images

@MISC{foodchainpyramid,
  author = {HowStuffWorks},
  title = {cave-biology-pyramid-32.gif},
  url = {https://s.hswstatic.com/gif/cave-biology-pyramid-32.gif},
  year = {2009},
  consultation = {2018}
}
@MISC{cavebeetle,
  author = {Nelson, Bryan},
  title = {cavebeetle.jpg.638x0-q80-crop-smart.jpg},
  url = {https://www.mnn.com/earth-matters/animals/photos/10-creatures-that-thrive-in-caves/cave-beetle},
  month = {January},
  year = {2001},
  consultation = {2018}
}
@MISC{cavefish,
  author = {Azuma, Daiju},
  title = {Astyanax-mjordani.jpg},
  url = {http://opencage.info/pics/largem7663.asp},
  month = {January},
  year = {2007},
  consultation = {2018}
}
@MISC{batspresentation,
  author = {Bizwire, Korea},
  title = {47693972-m1.jpg},
  url = {http://koreabizwire.com/national-institute-of-ecology-to-use-bats-in-cave-environmental-research/87314},
  month = {June},
  year = {2017},
  consultation = {2018}
}
@MISC{caveaircirculation,
  author = {Covington, Matthew},
  title = {Illustrations-of-mechanisms-for-cave-airflow.png},
  url = {https://www.researchgate.net/figure/Illustrations-of-mechanisms-for-cave-airflow-For-thermally-driven-flows-airflowmfig1_294106980},
  month = {February},
  year = {2016},
  consultation = {2018}
}
@MISC{cavezones,
  author = {HowStuffWorks},
  title = {cave-biology-zones-2.gif},
  url = {https://science.howstuffworks.com/life/biology-fields/cave-biology2.htm},
  month = {January},
  year = {2009},
  consultation = {2018}
}
@MISC{circadiancycle,
  author = {Mrabet, Yassine},
  title = {Biological-clock-human.svg},
  url = {https://commons.wikimedia.org/wiki/File:Biological_clock_human.svg},
  month = {November},
  year = {2007},
  consultation = {2018}
}
@MISC{phylobacteria,
  author = {Bern, Marshall and Goldberg, David},
  title = {A-rooted-phylogenetic-tree-of-Bacteria-computed-from-representative-proteins-As.png},
  url = {https://www.researchgate.net/figure/A-rooted-phylogenetic-tree-of-Bacteria-computed-from-representative-proteins-As_fig5_7815051},
  month = {February},
  year = {2005},
  consultation = {2018}
}
@MISC{chloroplast,
  author = {SuperManu},
  title = {Scheme of a {C}hloroplast},
  url = {https://commons.wikimedia.org/wiki/File:Chloroplaste-schema.png#/media/File:Chloroplast.svg},
  month = {October},
  year = {2007},
  consultation = {2018}
}
@MISC{raymondrodrigez,
  author = {Rodrigez, Raymond},
  title = {mutation0.png},
  url = {http://raymond.rodriguez1.free.fr/Documents/Cellule-genome/mutation0.png},
  month = {January},
  year = {2018},
  consultation = {2018}
}
@MISC{raymondrodrigez2,
  author = {Rodrigez, Raymond},
  title = {mutation1.png},
  url = {http://raymond.rodriguez1.free.fr/Documents/Cellule-genome/mutation1.png},
  month = {January},
  year = {2018},
  consultation = {2018}
}
@MISC{astyanax1,
  author = {HJ, Chen},
  title = {Astyanax-mexicanus-blind-{HJ}-{C}hen.jpg},
  url = {https://www.seriouslyfish.com/wp-content/uploads/2012/04/Astyanax-mexicanus-blind-HJ-Chen.jpg},
  month = {January},
  year = {2014},
  consultation = {2018}
}
@MISC{astyanax2,
  author = {JJPhoto},
  title = {astyanax-mexicanus-1.jpg},
  url = {https://www.seriouslyfish.com/wp-content/uploads/2012/03/astyanax_mexicanus_1.jpg_},
  month = {January},
  year = {2014},
  consultation = {2018}
}
@MISC{astyanaxregression,
  author = {Krishnan, Jaya and Rohner, Nicolas},
  title = {3-{F}igure2-1.png},
  url = {https://www.semanticscholar.org/paper/Cavefish-and-the-basis-for-eye-loss.-Krishnan-Rohner/0c12ce2bacb3e23f39f4093e760581655e285ceb/figure/1},
  month = {January},
  year = {2017},
  consultation = {2018}
}
@MISC{melanocyte,
  author = {Blaus, Bruce},
  title = {Blausen 0632 {M}elanocyte.png},
  url = {https://fr.wikipedia.org/wiki/M%C3%A9lanocyte#/media/File:Blausen_0632_Melanocyte.png},
  month = {May},
  year = {2014},
  consultation = {2018}
}
@MISC{palawanswiftlet,
  author = {Andrea Giovanni Murachelli},
  title = {800px-{P}alawan-swiftlet-({A}erodramus-palawanensis)-hunting-by-echolocation.jpg},
  url = {https://commons.wikimedia.org/wiki/File:Palawan_swiftlet_(Aerodramus_palawanensis)_hunting_by_echolocation.JPG},
  month = {August},
  year = {2012},
  consultation = {2018}
}
@MISC{batecholocation,
  author = {Arizona {S}tate {U}niversity},
  title = {echolocation.jpg},
  url = {https://askabiologist.asu.edu/sites/default/files/echolocation.jpg},
  month = {January},
  year = {2017},
  consultation = {2018}
}
@MISC{batchase,
  author = {Courtesy of Melville Wohlgemuth},
  title = {Bat{C}apture-e1462451222711.jpg},
  url = {https://tcabasa.org/wp-content/uploads/2016/05/BatCapture-e1462451222711.jpg},
  month = {January},
  year = {2018},
  consultation = {2018}
}
@MISC{batskull,
  author = {Neuweiler},
  title = {chauve-souris-vampire-fi8925136x780.jpg},
  url = {https://tpetatianalexia.wordpress.com/2017/01/17/i-particularite-physique-et-anatomique/},
  month = {January},
  year = {2000},
  consultation = {2018}
}
@MISC{bathibernating,
  author = {Taylor, Chris},
  title = {11-researchersa.jpg},
  url = {https://phys.org/news/2017-03-disease-deadly.html},
  month = {March},
  year = {2017},
  consultation = {2018}
}
@MISC{hibernationcycle,
  author = {P. Otis, Jessica},
  title = {Schema-of-the-metabolic-profile-of-the-13-lined-ground-squirrel-over-the-annual.png},
  url = {https://www.researchgate.net/figure/Schema-of-the-metabolic-profile-of-the-13-lined-ground-squirrel-over-the-annual_fig9_51921116},
  month = {December},
  year = {2011},
  consultation = {2018}
}
@MISC{thiothrix,
  author = {Brittany.n.king},
  title = {Thiothrix-nivea-rosette.png},
  url = {https://microbewiki.kenyon.edu/index.php/File:Thiothrix_nivea_rosette.png},
  month = {March},
  year = {2013},
  consultation = {2018}
}
@MISC{niphargus,
  author = {frasassigsm},
  title = {Niphargus-frasassianus-3.jpg},
  url = {http://www.frasassigsm.it/la-fauna-sotterranea-di-frasassi/},
  month = {January},
  year = {2015},
  consultation = {2018}
}
@MISC{microbialcommunities,
  author = {A. Lewington},
  title = {Ogof {T}arddiant {H}epste},
  url = {http://www.cambriancavingcouncil.org.uk/cavelife/wales/bacteria.html},
  month = {January},
  year = {2007},
  consultation = {2018}
}
@MISC{Photosynthesis,
  author = {Lycée Pape Clément},
  title = {Bilan-2-phases-phsy.jpg},
  url = {https://blogpeda.ac-bordeaux.fr/svtpapeclement/specialite-svt/partie-1-energie-et-cellule-vivante/},
  month = {January},
  year = {2017},
  consultation = {2018}
}
@MISC{fenwickdavid,
  author = {Fenwick, David},
  title = {Lithobius microps {M}einert, 1868 \- {A} {L}ithobiid centipede ({C}entipede images)},
  url = {http://www.aphotofauna.com/myriapoda_lithobius_microps_centipede.html#},
  month = {May},
  year = {2013},
  consultation = {2019}
}
@MISC{rapsonandy,
  author = {Rapson, Andy},
  title = {{A}styanax jordani\: {B}lind cave fish},
  url = {http://www.fishtanksandponds.co.uk/profiles/astyanax-jordani.html},
  month = {january},
  year = {2012},
  consultation = {2019}
}
@MISC{calyptostoma,
  author = {Pfliegler, Walter},
  title = {Calyptostoma velutinus {PG6540.JPG}},
  url = {http://xespok.net/arthropoda/main.php/v/Arachnida/Prostigmata/Calyptostomatidae/Calyptostoma/Calyptostoma_velutinus_PG6540.JPG.html},
  month = {january},
  year = {2010},
  consultation = {2019}
}
@MISC{cavesalamander,
  author = {Paplanus, Peter},
  title = {Eurycea lucifuga, {S}t. {L}ouis {C}ounty, {M}issouri},
  url = {https://commons.wikimedia.org/wiki/File:Eurycea_lucifuga,_St._Louis_County,_Missouri,_by_Peter_Paplanus.jpg},
  month = {april},
  year = {2017},
  consultation = {2019}
}
@MISC{cavesfungi,
  author = {Graham Proudlov and Lee Knight and  Chris Proctor},
  title = {Fungi sprouting from {H}erald {M}oth, {O}gof {C}apel},
  url = {http://www.cambriancavingcouncil.org.uk/cavelife/wales/images/large%20images/Fungi%20herald%20moth%20OC.jpg},
  month = {january},
  year = {2007},
  consultation = {2019}
}
@MISC{cavespider,
  author = {Danflous, Samuel},
  title = {B{EAUCENS} (65) {A}dulte ({F})},
  url = {http://www.webobs.cen-mp.org/observatoire/index.php?module=fiche&action=fiche&d=arachno&id=1427},
  month = {july},
  year = {2018},
  consultation = {2019}
}

                                        ----Julien----
@MISC{protectourcaves,
author = {National Caving Association and Nature Conservancy Council and World Wildlife Fund},
title = {Protect {O}ur {C}aves},
month = {january},
year = {1999},
url = {https://www.sat.dundee.ac.uk/~arb/speleo/protect/}
}
@MISC{conservationcavesindia,
author = {UNESCO and World Heritage Conservation},
title = {State of {C}onservation {E}llora {C}aves ({I}ndia)},
month = {january},
year = {2017},
url = {https://whc.unesco.org/en/soc/3491}
}
@MISC{thebiologyofcaves,
author = {National Scenic Riverways Missouri},
title = {The {B}iology of {C}aves},
month = {april},
year = {2015},
url = {https://www.nps.gov/ozar/learn/education/cave-biology.htm}
}
@MISC{crystalcaves,
author = {Crystal Caves},
title = {Temperature and {H}umidity},
month = {january},
year = {2012},
url = {http://www.acoolcave.com/temp.html}
}
@MISC{cavemeteorology,
author = {National ParkSouth Dakota},
title = {Cave {M}eteorology},
month = {april},
year = {2015},
url = {https://www.nps.gov/wica/learn/nature/cave-meteorology.htm}
}
@MISC{thescienceofcaves,
author = {Julien},
title = {The {S}cience of {C}aves \: {E}nvironmental {S}cience {CO2}},
month = {november},
year = {2014},
url = {http://blogs.esa.int/caves/2014/11/19/the-science-of-caves-environmental-science-co2/}
}
@MISC{changingthelightingsincaves,
author = {Life {+}},
title = {Changing the lighting in caves},
month = {january},
year = {2012},
url = {http://www.batlife.ro/?p=1214}
}
@MISC{darkmatter,
author = {E.G.Rowse and D.Lewanzik and E.L.Stone and S.Harris and G.Jones},
title = {Dark {M}atters\: {T}he {E}ffects of {A}rtificial {L}ighting on {B}ats},
month = {december},
year = {2015},
url = {https://link.springer.com/chapter/10.1007/978-3-319-25220-9_7}
}
@MISC{ledlightingincaves,
author = {Edina Hasanspahic},
title = {L{ED} lighting in caves},
month = {June},
year = {2016},
url = {http://bhdocumentary.net/index.php/eko/281-led-lighting-in-caves }
}
@MISC{modernled,
author = {The International Show Caves Association (I.S.C.A.)},
title = {Technical {A}spects {R}egarding the {E}quipments of {S}how {C}aves with {M}odern {LED} {S}ystems},
month = {january},
year = {2018},
url = {http://www.i-s-c-a.com/documentloader.php?id=897&filename=lpr59_p58-66-cave-lighting.pdf}
}
@MISC{caveprotectioninbelgium,
author = {Paul De Bie},
title = {Cave {P}rotection in {B}elgium \: What can {WE} do \?},
month = {january},
year = {1996},
url = {http://www.scavalon.be/avalonuk/protection/protection_DIY.htm}
}
@MISC{wakalu,
author = {wakalu},
title = {Formation of {S}talactites and {S}talacmites},
month = {october},
year = {2010},
url = {http://baleko-baleko.blogspot.com/2010/10/formation-of-stalactites-and.html}
}
@MISC{mulecjanez,
author = {Mulec, Janez},
title = {Human impact on underground cultural and natural heritage sites, biological parameters of monitoring and remediation actions for insensitive surfaces\: {C}ase of {S}lovenian show caves},
month = {october},
year = {2013},
url = {https://www.sciencedirect.com/science/article/pii/S1617138113001015}
}
@MISC{parkskocjanskejameslovenija ,
author = {Park Škocjanske jame Slovenija },
title = {Explore the {C}aves},
month = {january},
year = {2015},
url = {http://www.park-skocjanske-jame.si/en/read/the-skocjan-caves/explore-the-caves}
}
@MISC{newzealandcave,
  author = {Fox-Skelly, Jasmin},
  title = {New {Z}ealand's {W}aitomo {C}ave is illuminated by a strange light},
  month = {august},
  year = {2016},
  url = {http://www.bbc.com/earth/story/20160826-the-baby-gnats-that-light-up-a-new-zealand-cave}
}
@MISC{speleology,
  author = {Contributors},
  title = {Speleology},
  month = {november},
  year = {2018},
  url = {https://en.wikipedia.org/wiki/Speleology}
}
@MISC{stalagtite,
  author = {Contributors},
  title = {Stalactite},
  month = {october},
  year = {2018},
  url = {https://en.wikipedia.org/wiki/Stalactite}
}
@MISC{michellemeg,
  author = {Michelle, Meg},
  title = {Plants {T}hat {L}ive in {C}aves},
  month = {april},
  year = {2017},
  url = {https://sciencing.com/plants-live-caves-6559648.html}
}
@MISC{scottstreater,
  author = {Streater, Scott},
  title = {Threat {D}own {B}elow\: {P}olluted {C}aves {E}ndanger {W}ater {S}upplies, {W}ildlife},
  month = {september},
  year = {2009},
  url = {https://www.scientificamerican.com/article/pollution-caves-water-wildlife-trout/}
}

%Articles

@Article{calo,
  author = {Fabiana, Calò and Mario, Parise},
  title = {Evaluating the {H}uman {D}isturbance to {K}arst {E}nvironments in {S}outhern {I}taly},
  month = {january},
  year = {2006},
  journal = {Acta Carsologica},
  volume = {35},
  pages = {2}
}
@Article{hoyo,
  author = {M.Hoyos and V. Solerand J. C. Cañaveras and S. Sánchez-Moral and E. Sanz-Rubio},
  title = {Microclimatic characterization of a karstic cave: human impact on microenvironmental parameters of a prehistoric rock art cave ({C}andamo {C}ave, northern {S}pain)},
  month = {january},
  year = {1998},
  journal = {Environmental Geology},
  volume = {33},
  pages = {231-242}
}
@inproceedings{inproceedings,
  author = {Kurniawan, Isma and Rahmadi, Cahyo},
  year = {2017},
  month = {07},
  pages = {},
  title = {The Detection of Human Activities’ Impact on Show Caves Environment in Pacitan, Indonesia}
}
@book{gobalakrishnan,
  author = {Gobalakrishnan, R},
  year = {2013},
  month = {september},
  pages = {},
  title = {Human Impact on the Limestone Cave, Baratang Island, The Andamans.},
  isbn = {978-93-80128-10-8}
}
@book{prelovšek2011pressures,
  title={Pressures and Protection of the Underground Karst: Cases from Slovenia and Croatia},
  author={Prelov{\v{s}}ek, M. and Hajna, N.Z.},
  isbn={9789612542856},
  url={https://books.google.fr/books?id=UHQ16wtGUYcC},
  year={2011},
  publisher={In{\v{s}}titut za raziskovanje krasa ZRC SAZU}
}
@Article{davidjmerritt,
  author = {David J. Merritt and Arthur K. Clarke},
  title = {The impact of cave lighting on the bioluminescent display of the Tasmanian glow-worm Arachnocampa tasmaniensis},
  month = {january},
  year = {2013},
  journal = {J.Insect Conserv},
  volume = {10.1007/s10841-012-9493-0},
  pages = {147-153}
}
@Article{limt,
  author = {Lim T and Capelle J and Hoem T and Furey N},
  title = {Insectivorous bat reproduction and human cave visitation in {C}ambodia\: {A} perfect conservation storm \?},
  month = {april},
  year = {2018},
  journal = {NCBI},
  volume = {10.1371/journal.pone.0196554},
  pages = {13(4):e0196554}
}
@Article{castellomiris,
  author = {Castello, Miris},
  title = {Species diversity of bryophytes and ferns of lampenflora in {G}rotta {G}igante ({NE} {I}taly)},
  month = {september},
  year = {2014},
  journal = {COBISS},
  volume = {576},
  pages = {2364-1-PB}
}
@Article{lampenflora,
  author = {J.Mulec and G.Kosi},
  title = {Lampenflora algae and methods of growth control},
  month = {august},
  year = {2009},
  journal = {Journal of Cave and Karst Studies},
  volume = {71, no. 2},
  pages = {109-115}
}
@Article{capellehoem,
  author = {Lim T and Cappelle and Hoem and Furey},
  title = {Insectivorous bat reproduction and human cave visitation in {C}ambodia\: {A} perfect conservation storm\?},
  month = {april},
  year = {2018},
  journal = {NCBI},
  volume = {10.1371/journal.pone.0196554},
  pages = {13(4):e0196554}
}

%Images Julien

@MISC{graph2batpopulation,
  author = {Lim T and Cappelle and Hoem and Furey},
  title = {Mean monthly visitation to {V}ihear-{T}uk {B}onn cave ({C}hhngauk hill, southern {C}ambodia) and mean monthly international arrivals in {C}ambodia from {J}anuary 2007 to {M}ay 2014},
  url = {https://www.ncbi.nlm.nih.gov/pmc/articles/PMC5927413/figure/pone.0196554.g004/},
  month = {april},
  year = {2018},
  consultation = {2018}
}
@MISC{graph1batpopulation,
  author = {Lim T and Cappelle and Hoem and Furey},
  title = {Reproduction of a) {H}ipposideros larvatus s.l. and b) {T}aphozous melanopogon at {C}hhngauk hill from {F}ebruary 2014 to {J}anuary 2016 in relation to monthly rainfall (44 year means) in southern {C}ambodia},
  url = {https://www.ncbi.nlm.nih.gov/pmc/articles/PMC5927413/figure/pone.0196554.g002/},
  month = {april},
  year = {2018},
  consultation = {2018}
}
@MISC{artificiallight1,
  author = {Zhushan Cave of Zhushan Cave},
  title = {Inside the cave there is colorful artificial light illuminating the scenery},
  url = {https://www.tripadvisor.com/LocationPhotoDirectLink-g1419461-d1855355-i41303235-Zhushan_Cave-Wanzai_County_Jiangxi.html},
  month = {january},
  year = {2018},
  consultation = {2018}
}
@MISC{artificiallight2,
  author = {Objavljeno nedjelja},
  title = {I{DAR}-{OBERSTEIN}-{GEMSTONE}-{MINE}.jpg},
  url = {https://www.ncbi.nlm.nih.gov/pmc/articles/PMC5927413/figure/pone.0196554.g002/},
  month = {juli},
  year = {2016},
  consultation = {2018}
}
% lampenflora

@MISC{lampenflora,
  author = {Lindenmayr, Franz},
  title = {Lampenflora},
  url = {https://www.lochstein.de/hoehlen/D/sw/ostalb/charlotten/charlotten.htm},
  month = {january},
  year = {1993},
  consultation = {2018}
}
@MISC{lampenflora2,
  author = {Price, Liz},
  title = {Lampenflora in Gua Tempurung},
  url = {https://cavesofmalaysia.wordpress.com/cave-flora/},
  month = {february},
  year = {2018},
  consultation = {2018}
}
@MISC{eucladiumverticillatum,
  author = {Schachner, Hermann},
  title = {Eucladium verticillatum},
  url = {https://commons.wikimedia.org/wiki/File:Eucladium_verticillatum_(a,_144738-474811)_3274.JPG},
  month = {march},
  year = {2013},
  consultation = {2018}
}
@MISC{oxyrrhynchiumschleicheri,
  author = {Tinguy, Hugues},
  title = {Oxyrrhynchium schleicheri ({R}.{H}edw.) {R}öll},
  url = {https://inpn.mnhn.fr/espece/cd_nom/434441},
  month = {october},
  year = {2018},
  consultation = {2018}
}
@MISC{brachytheciumsp,
  author = {O'Reilly, John},
  title = {Brachythecium species, possibly {B}rachythecium rutabulum},
  url = {http://www.irishwildflowers.ie/pages-moss/m-20.html},
  month = {january},
  year = {2018},
  consultation = {2018}
}
@MISC{fissidenstaxifolius,
  author = {Fabelfroh},
  title = {Eibenblättrige {S}paltzahnmoos ({F}issidens taxifolius)},
  url = {https://commons.wikimedia.org/wiki/File:Fissidens_taxifolius.jpeg},
  month = {may},
  year = {2007},
  consultation = {2018}
}
@MISC{aspleniumtrichomanes,
  author = {Bibiloni, Juan},
  title = {Falguera de {G}razalema},
  url = {https://commons.wikimedia.org/wiki/File:Trichomanes-grazalema.jpg},
  month = {december},
  year = {2008},
  consultation = {2018}
}
@MISC{amblystegiumserpens,
  author = {Holyoak, David and Lüth, Michael},
  title = {Amblystegium serpens},
  url = {https://rbg-web2.rbge.org.uk/bbs/activities/mosses/Amblystegium%20serpens.pdf},
  month = {january},
  year = {2018},
  consultation = {2018}
}
@MISC{rhynchostegiellatenella,
  author = {Makowski, Jaroslaw},
  title = {Rhynchostegiella tenella ({D}icks.)},
  url = {https://www.bio-forum.pl/messages/3280/972561.html},
  month = {december},
  year = {2006},
  consultation = {2018}
}

% Destructive speleology
@MISC{waterpollution,
  author = {Armin, Margane},
  title = {Proposed {N}ational {S}tandard for {T}reated {D}omestic {W}astewater {R}euse for {I}rrigation \- {S}cientific {F}igure on {R}esearch{G}ate},
  url = {https://www.researchgate.net/figure/Potential-sources-of-contamination-of-groundwater-and-drinking-water-supplies-due-to_fig1_236333468},
  month = {july},
  year = {2011},
  consultation = {2019}
}
@MISC{brokenstalactite,
  author = {Speleoclub Avalon vzw},
  title = {46.jpg},
  url = {http://www.scavalon.be/avalpict/46.jpg},
  month = {january},
  year = {2018},
  consultation = {2018}
}
@MISC{garbageincaves,
  author = {Speleoclub Avalon vzw},
  title = {NouMoulin4.jpg},
  url = {http://www.scavalon.be/avalpict/NouMoulin4.jpg},
  month = {january},
  year = {2018},
  consultation = {2018}
}
@MISC{tagincaves,
  author = {Speleoclub Avalon vzw},
  title = {louve2.jpg},
  url = {http://www.scavalon.be/avalpict/louve2.JPG},
  month = {january},
  year = {2018},
  consultation = {2018}
}
@MISC{bridgeincaves,
  author = {Soutesky.cz},
  title = {skocjanske jeskyne4},
  url = {https://soutesky.cz/skocjanske-jeskyne-slovinsko/skocjanske-jeskyne4/},
  month = {june},
  year = {2014},
  consultation = {2019}
}
@MISC{stairsincaves,
  author = {Berdeaux, Gary},
  title = {Mammoth {D}ome {T}ower at {R}uins of {K}arnak inside {M}ammoth {C}ave},
  url = {https://www.nps.gov/maca/learn/news/md-tower.htm},
  month = {july},
  year = {2008},
  consultation = {2019}
}
@MISC{pathincaves,
  author = {theplanetD},
  title = {green-grotto-caves-5.jpg},
  url = {https://theplanetd.com/images/green-grotto-caves-5.jpg},
  month = {january},
  year = {2018},
  consultation = {2019}
}
                                        ---- Mathieu ----
Sites:

@MISC{clairekonig,
author = {König, Claire},
title = {Du taffoni au tunnel de lave \: les différents types de grottes},
month = {may},
year = {2018},
url = {https://www.futura-sciences.com/planete/dossiers/geologie-grottes-cavernes-secrets-profondeurs-592/page/2/},
consultation = {2019}
}
@MISC{oliviertesta,
author = {Testa, Olivier},
title = {À la découverte des grottes \: formation et typologie},
month = {april},
year = {2011},
url = {https://www.futura-sciences.com/planete/dossiers/geologie-grottes-sacrees-hautes-terres-ouest-cameroun-1016/page/2/},
consultation = {2019}
}
@MISC{matthewicrawford,
author = {Matthew I Crawford},
title = {10 {M}ost {A}mazing {C}aves in the {W}orld},
month = {march},
year = {2018},
url = {https://wanderwisdom.com/misc/Top-10-Most-Amazing-Caves?utm_source=maven-coalition&utm_medium=hubpages&utm_campaign=liftigniter&utm_content=hp-related},
consultation = {2019}
}
@MISC{jonstefansson,
author = {Stefansson, Jon},
title = {How {D}o {C}rystals {F}orm in {C}aves\?},
month = {april},
year = {2017},
url = {https://sciencing.com/do-crystals-form-caves-6363033.html},
consultation = {2019}
}
@MISC{nickheady,
author = {Heady, Nick},
title = {Things found in caves},
month = {july},
year = {2013},
url = {https://blog.insureandgo.com/sights-and-smells/2013/07/things-found-in-caves},
consultation = {2019}
}
@MISC{celineism,
author = {Ism, Celine},
title = {Angel {C}ave\: {A}n {E}cological {T}reasure in {N}eed of {P}rotection},
month = {january},
year = {2016},
url = {https://www.celineism.com/2016/01/angel-cave-bani-pangasinan.html},
consultation = {2019}
}
@MISC{johnfuller,
author = {Fuller, John},
title = {{W}hat\'s the difference between stalactites and stalagmites\?},
month = {april},
year = {2008},
url = {https://science.howstuffworks.com/environmental/earth/geology/stalactite-stalagmite.htm},
consultation = {2019}
}
@MISC{britishgeologicalsurvey,
author = {British Geological Survey's editor},
title = {How caves form},
month = {january},
year = {2017},
url = {https://www.bgs.ac.uk/mendips/caveskarst/caveform.htm},
consultation = {2019}
}
@MISC{tranquilitysaltcave,
author = {Tranquility Salt Cave's editor},
title = {Halotherapy},
month = {january},
year = {2019},
url = {https://www.tranquilitysaltcave.com/},
consultation = {2019}
}
@MISC{greecealltimeclassic,
author = {Greece All Time Classic's editor},
title = {Cave of the Lakes},
month = {january},
year = {2018},
url = {http://www.visitgreece.gr/en/nature/caves/cave_of_the_lakes},
consultation = {2019}
}

Articles et livres:


Images:

@MISC{blockfieldcave,
  author = {FlyPurple},
  title = {la-grotte-du-diable.jpg},
  url = {https://www.tripadvisor.fr/LocationPhotoDirectLink-g1201069-d1817639-i366440219-Foret_de_Huelgoat-Huelgoat_Finistere_Brittany.html},
  month = {november},
  year = {2018},
  consultation = {2019}
}
@MISC{lavatube,
  author = {Mikeo},
  title = {Thurston {L}ava {T}ube, {H}awaii {V}olcanoes {N}ational {P}ark, {B}ig {I}sland of {H}awaii, {USA}},
  url = {https://commons.wikimedia.org/wiki/File:Thurston_Lava_Tube.jpg},
  month = {january},
  year = {2006},
  consultation = {2019}
}
@MISC{taffoni,
  author = {Royonx},
  title = {taffoni corse},
  url = {https://fr.wikipedia.org/wiki/Fichier:Taffoni_corse_%C3%A0_Filitosa.jpg},
  month = {december},
  year = {2012},
  consultation = {2019}
}
@MISC{subglacialcave,
  author = {Trollhead},
  title = {A {S}ubglacial pond in the glacier cave underneath the {N}igardsbreen glacier \- {J}ostedalsbreen, {L}uster, {S}ogn og {F}jordane, {N}orway.},
  url = {https://fr.m.wikipedia.org/wiki/Fichier:Glacier_pond_in_the_glacier_cave_underneath_the_Nigardsbreen,_Jostedalsbreen,_Norway.jpg},
  month = {january},
  year = {2011},
  consultation = {2019}
}
@MISC{cavesalt,
  author = {Dianova-Spira, Irina},
  title = {sunny smile event},
  url = {http://www.sunnysmileevent.com/yoga-2017/},
  month = {may},
  year = {2017},
  consultation = {2019}
}
@MISC{mulucave,
  author = {Shone, Robbie},
  title = {site de {G}unung {M}ulu},
  url = {https://www.nationalgeographic.fr/sciences/borneo-des-speleologues-ont-mesure-la-plus-grande-grotte-du-monde},
  month = {january},
  year = {2018},
  consultation = {2019}
}
@MISC{naicacave,
  author = {Garcia, Francisco},
  title = {La mine de Naica},
  url = {http://odysseedelaterre.fr/terra-imagia/la-grotte-de-naica-et-ses-cristaux-geants},
  month = {february},
  year = {2018},
  consultation = {2019}
}
@MISC{stalactiteformationscheme,
  author = {Dr. Bruce Railsback},
  title = {1121{K}arst{S}peleo{P}ptn.jpeg},
  url = {http://www.gly.uga.edu/railsback/1121Lxr26.html},
  month = {mars},
  year = {2002},
  consultation = {2019}
}
@MISC{cavespars,
  author = {Bunnell, Dave},
  title = {hexagonal\_spar.jpg},
  url = {http://www.goodearthgraphics.com/virtcave/poolspar/poolspar.html},
  month = {4},
  year = {2005},
  consultation = {2019}
}
@MISC{cavecoral,
  author = {TripAdvisor's editors},
  title = {Talking {R}ocks {C}avern},
  url = {https://www.tripadvisor.co.za/LocationPhotoDirectLink-g44161-d133039-i279273808-Talking_Rocks_Cavern-Branson_West_Branson_Missouri.html},
  month = {january},
  year = {2019},
  consultation = {2019}
}
@MISC{caveshelder,
  author = {Trip{A}dvisor},
  title = {Lehman {C}aves},
  url = {https://www.tripadvisor.com.au/LocationPhotoDirectLink-g143030-d116762-i155311151-Lehman_Caves-Great_Basin_National_Park_Nevada.html},
  month = {november},
  year = {2018},
  consultation = {2019}
}
@MISC{cavesshelfstone,
  author = {Bunnell, Dave},
  title = {shelf\_spain.jpg},
  url = {http://www.goodearthgraphics.com/virtcave/shelfst/shelf.html},
  month = {november},
  year = {2016},
  consultation = {2019}
}
@MISC{caverimstone,
  author = {Acroterion},
  title = {Rimstone formation in {E}ndless {C}averns, {V}irginia, {USA}},
  url = {https://it.wikipedia.org/wiki/File:Rimstone_-_Endless_Caverns,_VA.jpg},
  month = {december},
  year = {2007},
  consultation = {2019}
}
@MISC{cavepaintings,
  author = {admin},
  title = {lascaux-cave-dordogne-france.jpg},
  url = {https://www.liveenhanced.com/50-most-famous-historical-landmarks-in-the-world/},
  month = {april},
  year = {2018},
  consultation = {2019}
}
@MISC{caveraft,
  author = {Write{O}pinion.com's editors},
  title = {Calcite-{R}afts-89.jpg},
  url = {https://www.writeopinions.com/calcite-rafts},
  month = {january},
  year = {2004},
  consultation = {2019}
}
@MISC{caveformationscheme,
  author = {editors},
  title = {largest sinkhole diagram},
  url = {http://zahirnews.com/largest_sinkhole_diagram.php},
  month = {january},
  year = {2019},
  consultation = {2019}
}
@MISC{cavepearl,
  author = {Weber, Jo},
  title = {Cave {P}earls.JPG},
  url = {https://commons.wikimedia.org/wiki/File:Cave_Pearls.JPG},
  month = {december},
  year = {2007},
  consultation = {2019}
}
@MISC{draperies,
  author = {josh},
  title = {Cave {D}ries {P}icture {O}f {F}orestville {M}ystery {S}tate {P}ark},
  url = {http://joshymomo.org/mystery-cave-tours-mn/},
  month = {june},
  year = {2018},
  consultation = {2019}
}
@MISC{flowstone,
  author = {TripAdvisor's editors},
  title = {Esta foto de {M}ole {C}reek {C}aves es cortesía},
  url = {https://www.tripadvisor.es/LocationPhotoDirectLink-g504310-d1849074-i98670976-Mole_Creek_Caves-Mole_Creek_Tasmania.html},
  month = {july},
  year = {2017},
  consultation = {2019}
}
@MISC{lakeincave,
  author = {Travel {N}ote's editors},
  title = {cave-of-the-lakes-achaïa-4.jpg},
  url = {http://ttnotes.com/cave-of-the-lakes.html},
  month = {january},
  year = {2018},
  consultation = {2019}
}
@MISC{mammothcave,
  author = {cellcode.us's editors},
  title = {Caving\-in\-{M}ammoth\-{C}ave2.jpg},
  url = {https://cellcode.us/quotes/images-bats-eastern-ky.html},
  month = {january},
  year = {2018},
  consultation = {2019}
}
@MISC{sedimentaryrocks,
  author = {Siyavula Education},
  title = {Formation of sedimentary rock},
  url = {https://www.flickr.com/photos/121935927@N06/13581864583},
  month = {april},
  year = {2014},
  consultation = {2019}
}
