@Article{KellyLCrew,
  author = "Kelly L.Drew and C. Loren Buck and Brian B.Barnes and Sherri L. Christian and Brian T. Rasley and and Michael B. Harris",
  year = "2007",
  title = "Central nervous system regulation of mammalian hibernation: implications for metabolic suppression and ischemia tolerance",
  journal = "National Center for Biotechnology Information",
  volume = "PMC",
  pages = "3600610"
}

@Book{AndrewChamberlain,
  author = "Andrew Chamberlain and Emily Davis and Derek Ford and David Gillieson and William Halliday and Elery Hamilton-Smith and Alexander Klimchouk and David Lowe and Art Palmer and Trevor Shaw and Boris Sket and Tony Waltham and Paul Williams and Paul Wood",
  year = "2004",
  title = "Encyclopedia of Caves and Karst Science",
  publisher = "John Gunn",
  address = "Taylor and Francis Group"
}

@Article{Gao,
  author = "Gao Zhizhong and Wynne and J. Judson and Zhang Feng",
  year = "2018",
  title = "Two new species of cave-adapted pseudoscorpions (Pseudoscorpiones: Neobisiidae, Chthoniidae) from Guangxi, China",
  journal = "The Journal of Arachnology",
  volume = "46 no 2",
  pages = "345"
}

@Article{EvaBotkin-Kowacki,
  author = "Botkin-Kowacki Eva",
  year = "2017",
  title = "There's an alien world beneath our feet. What could it teach us about life?",
  journal = "The Christian Science Monitor (web site)",
  volume = "",
  pages = ""
}

@MISC{NationalParkNevada,
author = {National Park Nevada U.S department of Interior},
title = {Cave life},
month = {february},
year = {2015},
howpublished={\url{https://www.nps.gov/grba/learn/nature/cave-life.htm}}
}

@MISC{RoncaDebra,
author = {Ronca Debra},
title = {How Cave Biology works},
month = {April},
year = {2009},
howpublished={\url{https://science.howstuffworks.com/life/biology-fields/cave-biology.htm}}
}

@MISC{Fontrabiouse,
author = {Association Nationale des Exploitants de Cavernes Aménagées pour le Tourisme},
title = {Grotte de Fontrabiouse},
month = {January},
year = {2009},
howpublished={\url{http://www.grottes-en-france.com/en/grottes/fontrabiouse.html}}
}

@MISC{BiologyDictionnary,
author = {Biology Dictionnary’ s editors},
title = {Chemoautotroph},
month = {January},
year = {2017},
howpublished={\url{https://biologydictionary.net/chemoautotroph}}
}

@MISC{CaveLifeofBritain,
author = {Graham Proudlov and Lee Knight and  Chris Proctor},
title = {Cave Life of Britain},
month = {January},
year = {2007},
howpublished={\url{http://www.cambriancavingcouncil.org.uk/cavelife/index.html}}
}

@Article{ANovelSymbiosisBetweenChemoautotrophicBacteriaAndAFreshwaterCaveAmphipod,
  author = "Dattagupta S1 and Schaperdoth I and Montanari A and Mariani S and Kita N and Valley JW and Macalady JL",
  year = "2009",
  title = "A novel symbiosis between chemoautotrophic bacteria and a freshwater cave amphipod",
  journal = "National Center for Biotechnology Information, Department of Geosciences",
  volume = "PMID",
  pages = "19360027"
}

@Article{NitricOxideIsAnObligateBacterialNitrificationIntermediateProducedByHydroxylamineOxidoreductase,
  author = "Jonathan D. Caranto and Kyle M. Lancaster",
  year = "2018",
  title = "Nitric oxide is an obligate bacterial nitrification intermediate produced by hydroxylamine oxidoreductase",
  journal = "Department of Chemistry and Chemical Biology, Cornell University, Ithaca, NY 14853",
  volume = "115",
  pages = "35"
}

@Book{FundamentalsOfMICROBIOLOGY,
	ALTauthor = {Jeffrey C. Pommerville},
	ALTeditor = {Body system edition},
	title = {Fundamentals of MICROBIOLOGY},
	publisher = {Jones and Bartlett Publishers},
	year = {2014},
	volume = {1},
	pages = {960},
	address = "5 Wall Street"
}

@MISC{FoodChainPyramid,
  author = {HowStuffWorks},
  title = {cave-biology-pyramid-32.gif},
  howpublished = {\url{https://s.hswstatic.com/gif/cave-biology-pyramid-32.gif}},
  year = {2009},
  consultation = {2018}
}

@MISC{CaveBeetle,
  author = {Nelson, Bryan},
  title = {cavebeetle.jpg.638x0_q80_crop-smart.jpg},
  howpublished = {\url{https://www.mnn.com/earth-matters/animals/photos/10-creatures-that-thrive-in-caves/cave-beetle}},
  month = {January},
  year = {2001},
  consultation = {2018}
}

@MISC{CaveFish,
  author = {Azuma, Daiju},
  title = {Astyanax_jordani.jpg},
  howpublished = {\url{http://opencage.info/pics/large_7663.asp}},
  month = {January},
  year = {2007},
  consultation = {2018}
}

@MISC{BatsPresentation,
  author = {Bizwire, Korea},
  title = {47693972_m1.jpg},
  howpublished = {\url{http://koreabizwire.com/national-institute-of-ecology-to-use-bats-in-cave-environmental-research/87314}},
  month = {June},
  year = {2017},
  consultation = {2018}
}

@MISC{CaveAirCirculation,
  author = {Covington, Matthew},
  title = {Illustrations-of-mechanisms-for-cave-airflow.png},
  howpublished = {\url{https://www.researchgate.net/figure/Illustrations-of-mechanisms-for-cave-airflow-For-thermally-driven-flows-airflow_fig1_294106980}},
  month = {February},
  year = {2016},
  consultation = {2018}
}

@MISC{CaveZones,
  author = {HowStuffWorks},
  title = {cave-biology-zones-2.gif},
  howpublished = {\url{https://science.howstuffworks.com/life/biology-fields/cave-biology2.htm}},
  month = {January},
  year = {2009},
  consultation = {2018}
}
@MISC{CircadianCycle,
  author = {Mrabet, Yassine},
  title = {Biological_clock_human.svg},
  howpublished = {\url{https://commons.wikimedia.org/wiki/File:Biological_clock_human.svg}},
  month = {November},
  year = {2007},
  consultation = {2018}
}
